@inproceedings{smith2021smrf,
  title={SMRF: a Cloud-Based Social Media Research Framework},
  author={Smith, D. Hudson},
  booktitle={Research Running on Cloud Compute \& Emerging Technologies},
  volume={2021},
  pages={11--12},
  year={2021}
},
@inproceedings{fine2019content,
  title= {Content Analyzing Political Tweets using Natural Language Processing: Opportunities and Challenges},
  author= {Fine, Jeffrey and Deas, Nicholas and Shellnut, Spencer Sargent, Jacob and Smith, D. Hudson},
  booktitle= {Southern Political Science Association Conference},
  year= 2019
},
@inproceedings{zhang2019using,
title= {Using Natural Language Processing to Accelerate Deep Analysis of Open-Ended Survey Data},
author= {Zhang, Tianyi and Moody, Monica and Nelon, Julia P and Boyer, D Matthew and Smith, D Hudson and Visser, Ryan D},
booktitle= {2019 SoutheastCon},
pages= {1--3},
year= 2019,
organization= {IEEE}
},