@inproceedings{mohapatra2016dissociation, title= {Dissociation of Cooper pairs in the BCS Limit using an Oscillating Magnetic Field}, author= {Mohapatra, Abhishek and Smith, D Hudson and Braaten, Eric}, booktitle= {APS Division of Atomic, Molecular and Optical Physics Meeting Abstracts}, year= {2016}}

,
@inproceedings{smith2016induced, title= {Induced two-body scattering resonances from a square-well potential with oscillating depth}, author= {Smith, D Hudson}, booktitle= {EPJ Web of Conferences}, volume= {113}, pages= {02005}, year= {2016}, organization= {EDP Sciences}}

,
@inproceedings{braaten2016initial, title= {Initial Atom Loss Rate after the Sudden Ramp of a BEC to Unitarity}, author= {Braaten, Eric and Mohaptra, Abhishek and Smith, D Hudson}, booktitle= {APS Division of Atomic, Molecular and Optical Physics Meeting Abstracts}, year= {2016}}

,

@inproceedings{smith2015inducingDAMOP, title= {Inducing Resonant Interactions in Ultracold Atoms with an Oscillating Magnetic Field}, author= {Smith, D Hudson}, booktitle= {APS Division of Atomic, Molecular and Optical Physics Meeting Abstracts}, volume= {1}, pages= {3010}, year= {2015}}

,
@inproceedings{smith2013avalanche, title= {Avalanche Mechanism for the Enhanced Loss of Ultracold Atoms}, author= {Smith, D and Langmack, Christian and Braaten, Eric and others}, booktitle= {APS Division of Atomic, Molecular and Optical Physics Meeting Abstracts}, volume= {1}, pages= {5007P}, year= {2013}}

,
@inproceedings{braaten2012avalanche, title= {Avalanche Mechanism for Multiple Atom Loss near an Efimov Atom-Dimer Resonance}, author= {Braaten, Eric and Smith, Dane}, booktitle= {APS Division of Atomic, Molecular and Optical Physics Meeting Abstracts}, year= {2012}}

,