% Machine Learning
@article{smith2024unsupervised,
  title   = {Unsupervised detection of coordinated information operations in the wild},
  author  = {Smith, D Hudson and Ehrett, Carl and Warren, Patrick L},
  journal = {arXiv preprint arXiv:2401.06205},
  year    = {2024}
}

@article{cranmer2023social,
  title     = {Social media trolls as faux third-party agents of image repair: Chinaâ€™s disinformation campaign and statecraft in the Daryl Morey affair},
  author    = {Cranmer, Gregory A and Linvill, Darren and Smith, Hudson and Denham, Bryan and Bober, Joseph and Nutt, Kevin and Seaton, William},
  journal   = {Journal of Applied Communication Research},
  pages     = {1--22},
  year      = {2023},
  publisher = {Taylor \& Francis}
}

@inproceedings{kar2021systematic,
  title        = {Systematic Evaluation and Enhancement of Speech Recognition in Operational Medical Environments},
  author       = {Kar, Snigdhaswin and Mishra, Prabodh and Lin, Ju and Woo, Min-Jae and Deas, Nicholas and Linduff, Caleb and Niu, Sufeng and Yang, Yuzhe and McClendon, Jerome and Smith, D Hudson and others},
  booktitle    = {2021 International Joint Conference on Neural Networks (IJCNN)},
  pages        = {1--8},
  year         = {2021},
  organization = {IEEE}
}


@inproceedings{smith2023relevance,
  title        = {On the Relevance of Temporal Features for Medical Ultrasound Video Recognition},
  author       = {Smith, D. Hudson and Lineberger, John Paul and Baker, George H},
  booktitle    = {International Conference on Medical Image Computing and Computer-Assisted Intervention},
  pages        = {744--753},
  year         = {2023},
  organization = {Springer},
  selected     = {true},
  preview      = {usvn_arch.png},
  pdf          = {https://arxiv.org/pdf/2310.10453.pdf},
  html         = {https://dl.acm.org/doi/abs/10.1007/978-3-031-43895-0_70},
  code         = {https://github.com/MedAI-Clemson/pda_detection}
}

@article{erno2023automated,
  title     = {Automated Identification of Patent Ductus Arteriosus Using a Computer Vision Model},
  author    = {Erno, Jason and Gomes, Thomas and Baltimore, Christopher and Lineberger, John P and Smith, D. Hudson and Baker, G Hamilton},
  journal   = {Journal of Ultrasound in Medicine},
  year      = {2023},
  publisher = {Wiley Online Library},
  selected  = {true},
  preview   = {usvn.png},
  pdf       = {https://onlinelibrary.wiley.com/doi/epdf/10.1002/jum.16305},
  html      = {https://onlinelibrary.wiley.com/doi/10.1002/jum.16305}
}

@article{smith2023commentary,
  title     = {Commentary on: Megyesi MS, Nawrocki SP, Haskell NH. Using accumulated degree-days to estimate the postmortem interval from decomposed human remains.},
  author    = {Smith, D Hudson and Ehrett, Carl and Weisensee, Katherine and Tica, Cristina},
  journal   = {Journal of Forensic Sciences},
  volume    = {68},
  number    = {1},
  pages     = {355--358},
  year      = {2023},
  publisher = {Wiley Online Library},
  selected  = {true},
  html      = {https://www.ncbi.nlm.nih.gov/pmc/articles/PMC10092795/},
  pdf       = {https://www.ncbi.nlm.nih.gov/pmc/articles/PMC10092795/pdf/JFO-68-355.pdf},
  preview   = {pmi_comment.png}
}

@article{taye2022deep,
  title     = {Deep Learning for FAST Quality Assessment},
  author    = {Taye, Mesfin and Morrow, Dustin and Cull, John and Smith, Dane Hudson and Hagan, Martin},
  journal   = {Journal of Ultrasound in Medicine},
  year      = 2022,
  publisher = {Wiley Online Library}
}

@article{woo2021complete,
  title     = {Complete and Resilient Documentation for Operational Medical Environments Leveraging Mobile Hands-free Technology in a Systems Approach: Experimental Study},
  author    = {Woo, MinJae and Mishra, Prabodh and Lin, Ju and Kar, Snigdhaswin and Deas, Nicholas and Linduff, Caleb and Niu, Sufeng and Yang, Yuzhe and McClendon, Jerome and Smith, D Hudson and others},
  journal   = {JMIR mHealth and uHealth},
  volume    = {9},
  number    = {10},
  pages     = {e32301},
  year      = {2021},
  publisher = {JMIR Publications Inc., Toronto, Canada}
}

@article{ehrett_2021_sscr,
  doi       = {10.1177/08944393211019951},
  year      = 2021,
  month     = 6,
  publisher = {{SAGE} Publications},
  author    = {Carl Ehrett and Darren L. Linvill and Hudson Smith and Patrick L. Warren and Leya Bellamy and Marianna Moawad and Olivia Moran and Monica Moody},
  title     = {Inauthentic Newsfeeds and Agenda Setting in a Coordinated Inauthentic Information Operation},
  journal   = {Social Science Computer Review}
},
@article{mayes_2021_smpte,
  author  = {Mayes, Emma and Lineberger, John Paul and Mayer, Michelle and Sanborn, Andrew and Smith, Hudson and Walker, Erica},
  journal = {SMPTE Motion Imaging Journal},
  title   = {Automated Brand Color Accuracy for Realtime Video},
  year    = {2021},
  volume  = {130},
  number  = {3},
  pages   = {45-49},
  doi     = {10.5594/JMI.2021.3058397}
},

},
@article{freeman2019watson,
  doi       = {10.3390/rs11222645},
  year      = 2019,
  month     = 11,
  publisher = {{MDPI} {AG}},
  volume    = 11,
  number    = 22,
  pages     = 2645,
  author    = {Daniel Freeman and Shaurya Gupta and D. Hudson Smith and Joe Mari Maja and James Robbins and James S. Owen and Jose M. Pe{\~{n}}a and Ana I. de Castro},
  title     = {Watson on the Farm: Using Cloud-Based Artificial Intelligence to Identify Early Indicators of Water Stress},
  journal   = {Remote Sensing}
},

% Physics
@article{smith2019engineering,
  title     = {Engineering momentum profiles of cold-atom beams},
  author    = {Smith, D. Hudson and Volosniev, Artem G.},
  journal   = {Physical Review A},
  volume    = 100,
  number    = 3,
  pages     = 033604,
  year      = 2019,
  publisher = {American Physical Society}
}

@article{smith2015inducing,
  title     = {Inducing Resonant Interactions in Ultracold Atoms with a Modulated Magnetic Field},
  author    = {Smith, D Hudson},
  journal   = {Physical review letters},
  volume    = 115,
  number    = 19,
  pages     = 193002,
  year      = 2015,
  publisher = {American Physical Society}
},

@article{volosniev2018impenetrability,
  title   = {Impenetrability in Floquet Scattering in One Dimension},
  author  = {A. Volosniev and D. H. Smith},
  journal = {Few-Body Systems},
  year    = 2018,
  volume  = 59,
  pages   = {1-9}
},

@article{langmack2015association,
  title     = {Association of atoms into universal dimers using an oscillating magnetic field},
  author    = {Langmack, Christian and Smith, D Hudson and Braaten, Eric},
  journal   = {Physical review letters},
  volume    = {114},
  number    = {10},
  pages     = {103002},
  year      = {2015},
  publisher = {American Physical Society}
}

,
@article{braaten2014born,
  title     = {Born-Oppenheimer approximation for the X Y Z mesons},
  author    = {Braaten, Eric and Langmack, Christian and Smith, D Hudson},
  journal   = {Physical Review D},
  volume    = {90},
  number    = {1},
  pages     = {014044},
  year      = {2014},
  publisher = {APS}
}

,
@article{braaten2014selection,
  title     = {Selection Rules for Hadronic Transitions of X Y Z Mesons},
  author    = {Braaten, Eric and Langmack, Christian and Smith, D Hudson},
  journal   = {Physical review letters},
  volume    = {112},
  number    = {22},
  pages     = {222001},
  year      = {2014},
  publisher = {APS}
}

,
@article{smith2014two,
  title     = {Two-body and three-body contacts for identical bosons near unitarity},
  author    = {Smith, D Hudson and Braaten, Eric and Kang, Daekyoung and Platter, Lucas},
  journal   = {Physical review letters},
  volume    = {112},
  number    = {11},
  pages     = {110402},
  year      = {2014},
  publisher = {APS}
}

,
@article{langmack2013atom,
  title     = {Atom Loss Resonances in a Bose-Einstein Condensate},
  author    = {Langmack, Christian and Smith, D Hudson and Braaten, Eric},
  journal   = {Physical review letters},
  volume    = {111},
  number    = {2},
  pages     = {023003},
  year      = {2013},
  publisher = {APS}
}

,
@article{langmack2013avalanche,
  title     = {Avalanche mechanism for the enhanced loss of ultracold atoms},
  author    = {Langmack, Christian and Smith, D Hudson and Braaten, Eric},
  journal   = {Physical Review A},
  volume    = {87},
  number    = {2},
  pages     = {023620},
  year      = {2013},
  publisher = {APS}
}

,
@article{langmack2012avalanche,
  title     = {Avalanche mechanism for atom loss near an atom-dimer Efimov resonance},
  author    = {Langmack, Christian and Smith, D Hudson and Braaten, Eric},
  journal   = {Physical Review A},
  volume    = {86},
  number    = {2},
  pages     = {022718},
  year      = {2012},
  publisher = {APS}
},

% presentations
@unpublished{smith2023miccai,
  title  = {On the Relevance of Temporal Features for Medical Ultrasound Video Recognition},
  author = {Smith, D. Hudson and Lineberger, John Paul},
  note   = {International Conference on Medical Image
            Computing and Computer Assisted Intervention},
  year   = {2023, October}
},

@unpublished{smith2023casc,
  title  = {Member Panel on AI: Supporting AI in an HPC Environment},
  author = {Gemmill, Jill and Smith, D. Hudson},
  note   = {Coalition for Academic Scientific Computation Fall Meeting},
  year   = {2023, October}
},

@unpublished{smith2023cudatascience,
  title  = {Artificial Intelligence: from Duck Digestion to Conversational Companions},
  author = {Smith, D. Hudson},
  note   = {Clemson University Data Science Conference},
  year   = {2023, May}
},

@unpublished{smith2023aafspmi,
  title  = {Postmortem Interval Estimation Using a Novel Data set and Methods},
  author = {Weisensee, Katherine and Tica, Irina and Smith, D. Hudson and Ehrett, Carl and Carbajales-Dale, Patricia},
  note   = {Annual Meeting of the American Academy of Forensic Sciences},
  year   = {2023, February}
},

@unpublished{smith2021FASTAIHub,
  title  = {Quality Assessment of FAST Exams using Deep Learning},
  author = {Smith, D. Hudson},
  note   = {Clemson/MUSC AI Hub Seminar},
  year   = {2021, November}
},


@inproceedings{smith2021smrf,
  title     = {SMRF: a Cloud-Based Social Media Research Framework},
  author    = {Smith, D. Hudson},
  booktitle = {Research Running on Cloud Compute \& Emerging Technologies},
  volume    = {2021},
  pages     = {11--12},
  year      = {2021, April}
},
@inproceedings{walker2020sid,
  title        = {67-3: ColorNet: A Neural Network-Based System for Consistent Display of Brand Colors for Video},
  author       = {Walker, Erica Black and Smith, Dane Hudson and Lineberger, John Paul and Mayer, Michelle Leigh and Mayes, Emma Elizabeth and Sanborn, Andrew Thomas},
  booktitle    = {SID Symposium Digest of Technical Papers},
  volume       = {51},
  number       = {1},
  pages        = {1001--1004},
  year         = {2020},
  organization = {Wiley Online Library}
},
@inproceedings{fine2019content,
  title     = {Content Analyzing Political Tweets using Natural Language Processing: Opportunities and Challenges},
  author    = {Fine, Jeffrey and Deas, Nicholas and Shellnut, Spencer Sargent, Jacob and Smith, D. Hudson},
  booktitle = {Southern Political Science Association Conference},
  year      = 2019
},
@inproceedings{zhang2019using,
  title        = {Using Natural Language Processing to Accelerate Deep Analysis of Open-Ended Survey Data},
  author       = {Zhang, Tianyi and Moody, Monica and Nelon, Julia P and Boyer, D Matthew and Smith, D Hudson and Visser, Ryan D},
  booktitle    = {2019 SoutheastCon},
  pages        = {1--3},
  year         = 2019,
  organization = {IEEE}
},

@inproceedings{mohapatra2016dissociation,
  title     = {Dissociation of Cooper pairs in the BCS Limit using an Oscillating Magnetic Field},
  author    = {Mohapatra, Abhishek and Smith, D Hudson and Braaten, Eric},
  booktitle = {APS Division of Atomic, Molecular and Optical Physics Meeting Abstracts},
  year      = {2016}
},

@inproceedings{smith2016induced,
  title        = {Induced two-body scattering resonances from a square-well potential with oscillating depth},
  author       = {Smith, D Hudson},
  booktitle    = {EPJ Web of Conferences},
  volume       = {113},
  pages        = {02005},
  year         = {2016},
  organization = {EDP Sciences}
}

,
@inproceedings{braaten2016initial,
  title     = {Initial Atom Loss Rate after the Sudden Ramp of a BEC to Unitarity},
  author    = {Braaten, Eric and Mohaptra, Abhishek and Smith, D Hudson},
  booktitle = {APS Division of Atomic, Molecular and Optical Physics Meeting Abstracts},
  year      = {2016}
}

,

@inproceedings{smith2015inducingDAMOP,
  title     = {Inducing Resonant Interactions in Ultracold Atoms with an Oscillating Magnetic Field},
  author    = {Smith, D Hudson},
  booktitle = {APS Division of Atomic, Molecular and Optical Physics Meeting Abstracts},
  volume    = {1},
  pages     = {3010},
  year      = {2015}
}

,
@inproceedings{smith2013avalanche,
  title     = {Avalanche Mechanism for the Enhanced Loss of Ultracold Atoms},
  author    = {Smith, D and Langmack, Christian and Braaten, Eric and others},
  booktitle = {APS Division of Atomic, Molecular and Optical Physics Meeting Abstracts},
  volume    = {1},
  pages     = {5007P},
  year      = {2013}
}

,
@inproceedings{braaten2012avalanche,
  title     = {Avalanche Mechanism for Multiple Atom Loss near an Efimov Atom-Dimer Resonance},
  author    = {Braaten, Eric and Smith, Dane},
  booktitle = {APS Division of Atomic, Molecular and Optical Physics Meeting Abstracts},
  year      = {2012}
}

,