@inproceedings{smith2023relevance,
  title={On the Relevance of Temporal Features for Medical Ultrasound Video Recognition},
  author={Smith, D. Hudson and Lineberger, John Paul and Baker, George H},
  booktitle={International Conference on Medical Image Computing and Computer-Assisted Intervention},
  pages={744--753},
  year={2023},
  organization={Springer},
  selected={true},
  preview={usvn_arch.png},
  pdf={https://arxiv.org/pdf/2310.10453.pdf},
  html={https://dl.acm.org/doi/abs/10.1007/978-3-031-43895-0_70},
  code={https://github.com/MedAI-Clemson/pda_detection}
}

@article{erno2023automated,
  title={Automated Identification of Patent Ductus Arteriosus Using a Computer Vision Model},
  author={Erno, Jason and Gomes, Thomas and Baltimore, Christopher and Lineberger, John P and Smith, D. Hudson and Baker, G Hamilton},
  journal={Journal of Ultrasound in Medicine},
  year={2023},
  publisher={Wiley Online Library},
  selected={true},
  preview={usvn.png},
  pdf={https://onlinelibrary.wiley.com/doi/epdf/10.1002/jum.16305},
  html={https://onlinelibrary.wiley.com/doi/10.1002/jum.16305}
}

@article{smith2023commentary,
  title={Commentary on: Megyesi MS, Nawrocki SP, Haskell NH. Using accumulated degree-days to estimate the postmortem interval from decomposed human remains.},
  author={Smith, D Hudson and Ehrett, Carl and Weisensee, Katherine and Tica, Cristina},
  journal={Journal of Forensic Sciences},
  volume={68},
  number={1},
  pages={355--358},
  year={2023},
  publisher={Wiley Online Library},
  selected={true},
  html={https://www.ncbi.nlm.nih.gov/pmc/articles/PMC10092795/},
  pdf={https://www.ncbi.nlm.nih.gov/pmc/articles/PMC10092795/pdf/JFO-68-355.pdf},
  preview={pmi_comment.png}
}

@article{taye2022deep,
  title={Deep Learning for FAST Quality Assessment},
  author={Taye, Mesfin and Morrow, Dustin and Cull, John and Smith, Dane Hudson and Hagan, Martin},
  journal={Journal of Ultrasound in Medicine},
  year=2022,
  publisher={Wiley Online Library}
}

@article{woo2021complete,
  title={Complete and Resilient Documentation for Operational Medical Environments Leveraging Mobile Hands-free Technology in a Systems Approach: Experimental Study},
  author={Woo, MinJae and Mishra, Prabodh and Lin, Ju and Kar, Snigdhaswin and Deas, Nicholas and Linduff, Caleb and Niu, Sufeng and Yang, Yuzhe and McClendon, Jerome and Smith, D Hudson and others},
  journal={JMIR mHealth and uHealth},
  volume={9},
  number={10},
  pages={e32301},
  year={2021},
  publisher={JMIR Publications Inc., Toronto, Canada}
}

@article{ehrett_2021_sscr,
  doi = {10.1177/08944393211019951},
  year = 2021,
  month = 6,
  publisher = {{SAGE} Publications},
  author = {Carl Ehrett and Darren L. Linvill and Hudson Smith and Patrick L. Warren and Leya Bellamy and Marianna Moawad and Olivia Moran and Monica Moody},
  title = {Inauthentic Newsfeeds and Agenda Setting in a Coordinated Inauthentic Information Operation},
  journal = {Social Science Computer Review}
},
@article{mayes_2021_smpte,
  author={Mayes, Emma and Lineberger, John Paul and Mayer, Michelle and Sanborn, Andrew and Smith, Hudson and Walker, Erica},
  journal={SMPTE Motion Imaging Journal},
  title={Automated Brand Color Accuracy for Realtime Video},
  year={2021},
  volume={130},
  number={3},
  pages={45-49},
  doi={10.5594/JMI.2021.3058397}
},

},
@article{freeman2019watson,
	doi = {10.3390/rs11222645},
	year = 2019,
	month = 11,
	publisher = {{MDPI} {AG}},
	volume = 11,
	number = 22,
	pages = 2645,
	author = {Daniel Freeman and Shaurya Gupta and D. Hudson Smith and Joe Mari Maja and James Robbins and James S. Owen and Jose M. Pe{\~{n}}a and Ana I. de Castro},
	title = {Watson on the Farm: Using Cloud-Based Artificial Intelligence to Identify Early Indicators of Water Stress},
	journal = {Remote Sensing}
},