@article{smith2019engineering,
title= {Engineering momentum profiles of cold-atom beams},
author= {Smith, D. Hudson and Volosniev, Artem G.},
journal= {Physical Review A},
volume= 100,
number= 3,
pages= 033604,
year= 2019,
publisher= {American Physical Society}
}

@article{smith2015inducing,
title= {Inducing Resonant Interactions in Ultracold Atoms with a Modulated Magnetic Field},
author= {Smith, D Hudson},
journal= {Physical review letters},
volume= 115,
number= 19,
pages= 193002,
year= 2015,
publisher= {American Physical Society}
},

@article{volosniev2018impenetrability,
  title={Impenetrability in Floquet Scattering in One Dimension},
  author={A. Volosniev and D. H. Smith},
  journal={Few-Body Systems},
  year=2018,
  volume=59,
  pages={1-9}
},

@article{langmack2015association, title= {Association of atoms into universal dimers using an oscillating magnetic field}, author= {Langmack, Christian and Smith, D Hudson and Braaten, Eric}, journal= {Physical review letters}, volume= {114}, number= {10}, pages= {103002}, year= {2015}, publisher= {American Physical Society}}

,
@article{braaten2014born, title= {Born-Oppenheimer approximation for the X Y Z mesons}, author= {Braaten, Eric and Langmack, Christian and Smith, D Hudson}, journal= {Physical Review D}, volume= {90}, number= {1}, pages= {014044}, year= {2014}, publisher= {APS}}

,
@article{braaten2014selection, title= {Selection Rules for Hadronic Transitions of X Y Z Mesons}, author= {Braaten, Eric and Langmack, Christian and Smith, D Hudson}, journal= {Physical review letters}, volume= {112}, number= {22}, pages= {222001}, year= {2014}, publisher= {APS}}

,
@article{smith2014two, title= {Two-body and three-body contacts for identical bosons near unitarity}, author= {Smith, D Hudson and Braaten, Eric and Kang, Daekyoung and Platter, Lucas}, journal= {Physical review letters}, volume= {112}, number= {11}, pages= {110402}, year= {2014}, publisher= {APS}}

,
@article{langmack2013atom, title= {Atom Loss Resonances in a Bose-Einstein Condensate}, author= {Langmack, Christian and Smith, D Hudson and Braaten, Eric}, journal= {Physical review letters}, volume= {111}, number= {2}, pages= {023003}, year= {2013}, publisher= {APS}}

,
@article{langmack2013avalanche, title= {Avalanche mechanism for the enhanced loss of ultracold atoms}, author= {Langmack, Christian and Smith, D Hudson and Braaten, Eric}, journal= {Physical Review A}, volume= {87}, number= {2}, pages= {023620}, year= {2013}, publisher= {APS}}

,
@article{langmack2012avalanche, title= {Avalanche mechanism for atom loss near an atom-dimer Efimov resonance}, author= {Langmack, Christian and Smith, D Hudson and Braaten, Eric}, journal= {Physical Review A}, volume= {86}, number= {2}, pages= {022718}, year= {2012}, publisher= {APS}}